% Encoding: UTF-8
@Article{Besard_2019,
  author    = {Besard, Tim and Foket, Christophe and De Sutter, Bjorn},
  title     = {Effective Extensible Programming: Unleashing Julia on GPUs},
  journal   = {IEEE Transactions on Parallel and Distributed Systems},
  year      = {2019},
  volume    = {30},
  number    = {4},
  pages     = {827â€“841},
  month     = {Apr},
  issn      = {2161-9883},
  doi       = {10.1109/tpds.2018.2872064},
  publisher = {Institute of Electrical and Electronics Engineers (IEEE)},
  url       = {http://dx.doi.org/10.1109/TPDS.2018.2872064},
}

@Book{Springer2013,
  title     = {Modern Accelerator Technologies for Geographic Information Science},
  publisher = {Springer US},
  year      = {2013},
  author    = {Richard Vuduc and Jee Choi},
  editor    = {Xuan Shi and Volodymyr Kindratenko and Chaowei Yang},
  edition   = {1},
  isbn      = {978-1-4614-8744-9},
  note      = {Chapter 2 A Brief History and Introduction to GPGPU},
  owner     = {Springer Science+Business Media New York},
}

@Misc{MicrosoftDX2018,
  author       = {Microsoft},
  title        = {DirectX graphics and gaming},
  howpublished = {Blogpost},
  month        = may,
  year         = {2018},
}

@Misc{OpenGL2021,
  title        = {OpenGL, Getting Started},
  howpublished = {Website},
  url          = {https://www.khronos.org/opengl/wiki/Getting_Started},
}

@Misc{NVIDIADOC2021,
  title = {CUDA C++ Programming Guide},
  year  = {2021},
  note  = {Chapter 1: Introduction},
  url   = {https://docs.nvidia.com/cuda/cuda-c-programming-guide/index.html},
}

@Conference{Adve2012,
  author    = {Vikram Adve and Sarita Adve and Rakesh Komuravelli and Matthew D. Sinclair and Prakalp Srivastava,},
  title     = {Virtual Instruction Set Computing for Heterogeneous Systems},
  year      = {2012},
  address   = {Berkeley, CA},
  month     = jun,
  publisher = {{USENIX} Association},
  url       = {http://rsim.cs.illinois.edu/Pubs/12-HotPar-VAdve.pdf},
}

@Misc{Gupta2020,
  author       = {Pradeep Gupta},
  title        = {CUDA Refresher: The CUDA Programming Model},
  howpublished = {Blogpost},
  month        = jun,
  year         = {2020},
  keywords     = {CUDA, CUDA Refresher, Parallel Programming},
  url          = {https://developer.nvidia.com/blog/cuda-refresher-cuda-programming-model/},
}

@Misc{Harris2017,
  author = {Mark Harris},
  title  = {An Even Easier Introduction to CUDA},
}

@Comment{jabref-meta: databaseType:bibtex;}
